@article{Dirac1953888,
  title   = "The lorentz transformation and absolute time",
  journal = "Physica ",
  volume  = "19",
  number  = "1-–12",
  pages   = "888--896",
  year    = "1953",
  doi     = "10.1016/S0031-8914(53)80099-6",
  author  = "P.A.M. Dirac"
}

@article{Feynman1963118,
  title   = "The theory of a general quantum system interacting with a linear dissipative system",
  journal = "Annals of Physics ",
  volume  = "24",
  pages   = "118--173",
  year    = "1963",
  doi     = "10.1016/0003-4916(63)90068-X",
  author  = "R.P Feynman and F.L {Vernon Jr.}"
}

@article{jansen2014,
	title = {The egg model {\textendash} a geological ensemble for reservoir simulation},
	author = {{Jansen}, {J. D.} and {Fonseca}, {R. M.} and {Kahrobaei}, {S.} and {Siraj}, {M. M.} and {Essen}, {G. M. Van} and {Hof}, {P. M. J. Van den}},
	year = {2014},
	date = {2014},
	journal = {Geoscience Data Journal},
	pages = {192--195},
	volume = {1},
	number = {2},
	doi = {10.1002/gdj3.21},
	url = {https://rmets.onlinelibrary.wiley.com/doi/abs/10.1002/gdj3.21},
	note = {{\_}eprint: https://rmets.onlinelibrary.wiley.com/doi/pdf/10.1002/gdj3.21},
	langid = {en}
}
