
@article{jansen2014,
	title = {The egg model {\textendash} a geological ensemble for reservoir simulation},
	author = {{Jansen}, {J. D.} and {Fonseca}, {R. M.} and {Kahrobaei}, {S.} and {Siraj}, {M. M.} and {Essen}, {G. M. Van} and {Hof}, {P. M. J. Van den}},
	year = {2014},
	date = {2014},
	journal = {Geoscience Data Journal},
	pages = {192--195},
	volume = {1},
	number = {2},
	doi = {10.1002/gdj3.21},
	url = {https://rmets.onlinelibrary.wiley.com/doi/abs/10.1002/gdj3.21},
	note = {{\_}eprint: https://rmets.onlinelibrary.wiley.com/doi/pdf/10.1002/gdj3.21},
	langid = {en}
}

@article{jansen2014a,
	title = {The egg model {\textendash} a geological ensemble for reservoir simulation},
	author = {{Jansen}, {J. D.} and {Fonseca}, {R. M.} and {Kahrobaei}, {S.} and {Siraj}, {M. M.} and {Essen}, {G. M. Van} and {Hof}, {P. M. J. Van den}},
	year = {2014},
	date = {2014},
	journal = {Geoscience Data Journal},
	pages = {192--195},
	volume = {1},
	number = {2},
	doi = {10.1002/gdj3.21},
	url = {https://rmets.onlinelibrary.wiley.com/doi/abs/10.1002/gdj3.21},
	note = {{\_}eprint: https://rmets.onlinelibrary.wiley.com/doi/pdf/10.1002/gdj3.21},
	langid = {en}
}

@article{jansen2014b,
	title = {The egg model {\textendash} a geological ensemble for reservoir simulation},
	author = {{Jansen}, {J. D.} and {Fonseca}, {R. M.} and {Kahrobaei}, {S.} and {Siraj}, {M. M.} and {Essen}, {G. M. Van} and {Hof}, {P. M. J. Van den}},
	year = {2014},
	date = {2014},
	journal = {Geoscience Data Journal},
	pages = {192--195},
	volume = {1},
	number = {2},
	doi = {10.1002/gdj3.21},
	url = {https://rmets.onlinelibrary.wiley.com/doi/abs/10.1002/gdj3.21},
	note = {{\_}eprint: https://rmets.onlinelibrary.wiley.com/doi/pdf/10.1002/gdj3.21},
	langid = {en}
}

@article{jansen2014,
	title = {The egg model {\textendash} a geological ensemble for reservoir simulation},
	author = {{Jansen}, {J. D.} and {Fonseca}, {R. M.} and {Kahrobaei}, {S.} and {Siraj}, {M. M.} and {Essen}, {G. M. Van} and {Hof}, {P. M. J. Van den}},
	year = {2014},
	date = {2014},
	journal = {Geoscience Data Journal},
	pages = {192--195},
	volume = {1},
	number = {2},
	doi = {10.1002/gdj3.21},
	url = {https://rmets.onlinelibrary.wiley.com/doi/abs/10.1002/gdj3.21},
	note = {{\_}eprint: https://rmets.onlinelibrary.wiley.com/doi/pdf/10.1002/gdj3.21},
	langid = {en}
}

@book{murphy2022,
	title = {Probabilistic Machine Learning: An introduction},
	author = {{Murphy}, {Kevin P.}},
	year = {2022},
	date = {2022},
	publisher = {MIT Press}
}

@article{bruce1943,
	title = {An Electrical Device for Analyzing Oil-reservoir Behavior},
	author = {{Bruce}, {W.A.}},
	year = {1943},
	month = {12},
	date = {1943-12-01},
	journal = {Transactions of the AIME},
	pages = {112--124},
	volume = {151},
	number = {01},
	doi = {10.2118/943112-G},
	url = {https://onepetro.org/TRANS/article/151/01/112/161712/An-Electrical-Device-for-Analyzing-Oil-reservoir},
	note = {tex.ids= bruce1943ta},
	langid = {en}
}

@article{albertoni2003,
	title = {Inferring Interwell Connectivity Only From Well-Rate Fluctuations in Waterfloods},
	author = {{Albertoni}, {Alejandro} and {Lake}, {Larry W.}},
	year = {2003},
	month = {02},
	date = {2003-02-01},
	journal = {SPE Reservoir Evaluation & Engineering},
	pages = {6--16},
	volume = {6},
	number = {01},
	doi = {10.2118/83381-PA},
	url = {https://onepetro.org/REE/article/6/01/6/110423/Inferring-Interwell-Connectivity-Only-From-Well},
	note = {tex.ids= albertoni2003sree},
	langid = {en}
}

@article{yousef2006,
	title = {A Capacitance Model To Infer Interwell Connectivity From Production- and Injection-Rate Fluctuations},
	author = {{Yousef}, {Ali A}},
	year = {2006},
	date = {2006},
	pages = {17},
	note = {tex.ids= yousef2006},
	langid = {en}
}

@phdthesis{sayarpour2008,
	title = {Development and application of capacitance-resistive models to water/CO? floods},
	author = {{Sayarpour}, {Morteza}},
	year = {2008},
	month = {08},
	date = {2008-08},
	url = {https://repositories.lib.utexas.edu/handle/2152/15357},
	note = {Accepted: 2012-04-13T16:22:22Z
tex.ids= sayarpour2008
medium: electronic},
	langid = {eng}
}

@inproceedings{zhao2015,
	title = {SPE Reservoir Simulation Symposium},
	author = {{Zhao}, {Hui} and {Kang}, {Zhijiang} and {Zhang}, {Xiansong} and {Sun}, {Haitao} and {Cao}, {Lin} and {Reynolds}, {Albert C.}},
	year = {2015},
	date = {2015},
	publisher = {Society of Petroleum Engineers},
	doi = {10.2118/173213-MS},
	url = {http://www.onepetro.org/doi/10.2118/173213-MS},
	note = {tex.eventtitle: SPE Reservoir Simulation Symposium
place: Houston, Texas, USA},
	address = {Houston, Texas, USA},
	langid = {en}
}

@inproceedings{mohaghegh2006,
	title = {Development of Surrogate Reservoir Models (SRM) for Fast-Track Analysis of Complex Reservoirs},
	author = {{Mohaghegh}, {S D} and {Guruswamy}, {S}},
	year = {2006},
	date = {2006},
	pages = {9},
	note = {place: San Antonio, Texas, U.S.A},
	address = {San Antonio, Texas, U.S.A},
	langid = {en}
}

@article{sampaio2009,
	title = {An Application of Feed Forward Neural Network as Nonlinear Proxies for the Use During the History Matching Phase},
	author = {{Sampaio}, {T P}},
	year = {2009},
	date = {2009},
	pages = {11},
	note = {tex.ids= sampaio2009, sampaioa},
	langid = {en}
}

@inproceedings{fedutenko2014,
	title = {SPE Heavy Oil Conference-Canada},
	author = {{Fedutenko}, {E..} and {Yang}, {C..} and {Card}, {C..} and {Nghiem}, {L. X.}},
	year = {2014},
	month = {06},
	date = {2014-06-10},
	publisher = {SPE},
	pages = {D021S008R001},
	doi = {10.2118/170085-MS},
	url = {https://onepetro.org/SPECHOC/proceedings/14HOCC/2-14HOCC/Calgary,%20Alberta,%20Canada/211484},
	note = {tex.eventtitle: SPE Heavy Oil Conference-Canada
place: Calgary, Alberta, Canada},
	address = {Calgary, Alberta, Canada},
	langid = {en}
}

@article{forouzanfar2014,
	title = {Joint optimization of number of wells, well locations and controls using a gradient-based algorithm},
	author = {{Forouzanfar}, {Fahim} and {Reynolds}, {A. C.}},
	year = {2014},
	date = {2014},
	journal = {Chemical Engineering Research and Design},
	pages = {1315--1328},
	volume = {92},
	number = {7},
	note = {ISBN: 0263-8762
Publisher: Elsevier}
}

@article{li2012,
	title = {A variable-control well placement optimization for improved reservoir development},
	author = {{Li}, {Lianlin} and {Jafarpour}, {Behnam}},
	year = {2012},
	date = {2012},
	journal = {Computational Geosciences},
	pages = {871--889},
	volume = {16},
	number = {4},
	note = {ISBN: 1573-1499
Publisher: Springer}
}

@article{volkov2018,
	title = {Gradient-based constrained well placement optimization},
	author = {{Volkov}, {Oleg} and {Bellout}, {Mathias C.}},
	year = {2018},
	date = {2018},
	journal = {Journal of Petroleum Science and Engineering},
	pages = {1052--1066},
	volume = {171},
	note = {ISBN: 0920-4105
Publisher: Elsevier}
}

@article{debrito2021,
	title = {Field development optimization using a sequence of surrogate treatments},
	author = {{de Brito}, {Daniel U.} and {Durlofsky}, {Louis J.}},
	year = {2021},
	month = {02},
	date = {2021-02-01},
	journal = {Computational Geosciences},
	pages = {35--65},
	volume = {25},
	number = {1},
	doi = {10.1007/s10596-020-09985-y},
	url = {https://doi.org/10.1007/s10596-020-09985-y},
	note = {tex.ids= debrito2021cga, debrito2021cgb
tex.options: useprefix=true},
	langid = {en}
}

@book{holland1992,
	title = {Adaptation in natural and artificial systems: an introductory analysis with applications to biology, control, and artificial intelligence},
	author = {{Holland}, {John Henry}},
	year = {1992},
	date = {1992},
	publisher = {MIT press}
}

@book{holland1992a,
	title = {Adaptation in natural and artificial systems: an introductory analysis with applications to biology, control, and artificial intelligence},
	author = {{Holland}, {John Henry}},
	year = {1992},
	date = {1992},
	publisher = {MIT press}
}

@article{chai2021,
	title = {An integrated closed-loop solution to assisted history matching and field optimization with machine learning techniques},
	author = {{Chai}, {Zhi} and {Nwachukwu}, {Azor} and {Zagayevskiy}, {Yevgeniy} and {Amini}, {Shohreh} and {Madasu}, {Srinath}},
	year = {2021},
	month = {03},
	date = {2021-03-01},
	journal = {Journal of Petroleum Science and Engineering},
	pages = {108204},
	volume = {198},
	doi = {10.1016/j.petrol.2020.108204},
	url = {https://www.sciencedirect.com/science/article/pii/S0920410520312584},
	note = {tex.ids= chai2021jopsae, chai2021jpse, chai2021jpsea, chai2021jpseb, chai2021jpsec},
	langid = {en}
}

@book{holland1992b,
	title = {Adaptation in natural and artificial systems: an introductory analysis with applications to biology, control, and artificial intelligence},
	author = {{Holland}, {John Henry}},
	year = {1992},
	date = {1992},
	publisher = {MIT press}
}

@inproceedings{eberhart1995,
	title = {A new optimizer using particle swarm theory},
	author = {{Eberhart}, {Russell} and {Kennedy}, {James}},
	year = {1995},
	date = {1995},
	publisher = {Ieee},
	pages = {39--43}
}

@article{jesmani2016,
	title = {Well placement optimization subject to realistic field development constraints},
	author = {{Jesmani}, {Mansoureh} and {Bellout}, {Mathias C.} and {Hanea}, {Remus} and {Foss}, {Bjarne}},
	year = {2016},
	month = {12},
	date = {2016-12},
	journal = {Computational Geosciences},
	pages = {1185--1209},
	volume = {20},
	number = {6},
	doi = {10.1007/s10596-016-9584-1},
	url = {http://link.springer.com/10.1007/s10596-016-9584-1},
	langid = {en}
}

@inproceedings{eberhart1995a,
	title = {A new optimizer using particle swarm theory},
	author = {{Eberhart}, {Russell} and {Kennedy}, {James}},
	year = {1995},
	date = {1995},
	publisher = {Ieee},
	pages = {39--43}
}

@book{holland1992c,
	title = {Adaptation in natural and artificial systems: an introductory analysis with applications to biology, control, and artificial intelligence},
	author = {{Holland}, {John Henry}},
	year = {1992},
	date = {1992},
	publisher = {MIT press}
}

@book{almeida2019,
	title = {Particle Swarm Optimization: A Powerful Technique for Solving Engineering Problems},
	author = {{Almeida}, {Bruno Seixas Gomes de} and {Leite}, {Victor Coppo}},
	year = {2019},
	month = {12},
	date = {2019-12-03},
	publisher = {IntechOpen},
	url = {https://www.intechopen.com/chapters/69586},
	note = {Publication Title: Swarm Intelligence - Recent Advances, New Perspectives and Applications
DOI: 10.5772/intechopen.89633},
	langid = {en}
}

@article{debrito2021,
	title = {Field development optimization using a sequence of surrogate treatments},
	author = {{de Brito}, {Daniel U.} and {Durlofsky}, {Louis J.}},
	year = {2021},
	month = {02},
	date = {2021-02-01},
	journal = {Computational Geosciences},
	pages = {35--65},
	volume = {25},
	number = {1},
	doi = {10.1007/s10596-020-09985-y},
	url = {https://doi.org/10.1007/s10596-020-09985-y},
	note = {tex.ids= debrito2021cga, debrito2021cgb
tex.options: useprefix=true},
	langid = {en}
}

@article{hong2017,
	title = {Robust production optimization with capacitance-resistance model as precursor},
	author = {{Hong}, {A. J.} and {Bratvold}, {R. B.} and {Nævdal}, {G.}},
	year = {2017},
	month = {12},
	date = {2017-12},
	journal = {Computational Geosciences},
	pages = {1423--1442},
	volume = {21},
	number = {5-6},
	doi = {10.1007/s10596-017-9666-8},
	url = {http://link.springer.com/10.1007/s10596-017-9666-8},
	note = {tex.ids= hong2017cg},
	langid = {en}
}

@article{debrito2021a,
	title = {Field development optimization using a sequence of surrogate treatments},
	author = {{de Brito}, {Daniel U.} and {Durlofsky}, {Louis J.}},
	year = {2021},
	month = {02},
	date = {2021-02-01},
	journal = {Computational Geosciences},
	pages = {35--65},
	volume = {25},
	number = {1},
	doi = {10.1007/s10596-020-09985-y},
	url = {https://doi.org/10.1007/s10596-020-09985-y},
	note = {tex.ids= debrito2021cga, debrito2021cgb
tex.options: useprefix=true},
	langid = {en}
}

@inproceedings{nwachukwu2018,
	title = {SPE Improved Oil Recovery Conference},
	author = {{Nwachukwu}, {Azor} and {Jeong}, {Hoonyoung} and {Sun}, {Alexander} and {Pyrcz}, {Michael} and {Lake}, {Larry W.}},
	year = {2018},
	month = {04},
	date = {2018-04-14},
	publisher = {OnePetro},
	doi = {10.2118/190239-MS},
	url = {https://onepetro.org/SPEIOR/proceedings/18IOR/3-18IOR/D031S008R005/215030},
	langid = {en}
}

@article{hong2017a,
	title = {Robust production optimization with capacitance-resistance model as precursor},
	author = {{Hong}, {A. J.} and {Bratvold}, {R. B.} and {Nævdal}, {G.}},
	year = {2017},
	month = {12},
	date = {2017-12},
	journal = {Computational Geosciences},
	pages = {1423--1442},
	volume = {21},
	number = {5-6},
	doi = {10.1007/s10596-017-9666-8},
	url = {http://link.springer.com/10.1007/s10596-017-9666-8},
	note = {tex.ids= hong2017cg},
	langid = {en}
}
